%%%%%%%%%%%%%%%%
% Bibliography
%%%%%%%%%%%%%%%%

@article{rahwan2019machine,
  title={Machine behaviour},
  author={Rahwan, Iyad and Cebrian, Manuel and Obradovich, Nick and Bongard, Josh and Bonnefon, Jean-Fran{\c{c}}ois and Breazeal, Cynthia and Crandall, Jacob W and Christakis, Nicholas A and Couzin, Iain D and Jackson, Matthew O and others},
  journal={Nature},
  volume={568},
  number={7753},
  pages={477--486},
  year={2019},
  publisher={Nature Publishing Group}
}


@article{devarajan1981hotelling,
title={Hotelling's" economics of exhaustible resources": Fifty years later},
author={Devarajan, Shantayanan and Fisher, Anthony C},
journal={Journal of Economic Literature},
volume={19},
number={1},
pages={65--73},
year={1981},
publisher={JSTOR}
}

@article{parmesan2003globally,
  title={A globally coherent fingerprint of climate change impacts across natural systems},
  author={Parmesan, Camille and Yohe, Gary},
  journal={Nature},
  volume={421},
  number={6918},
  pages={37},
  year={2003},
  publisher={Nature Publishing Group}
}

@book{epic337530,
           pages = {151},
         address = {Geneva, Switzerland},
          editor = {R.K. Pachauri and L. Meyer},
            year = {2014},
           title = {Climate Change 2014: Synthesis Report. Contribution of Working Groups I, II and III to the Fifth Assessment Report of the Intergovernmental Panel on Climate Change},
        publisher = {IPCC}
}

@inproceedings{unies2015accord,
  title={The Paris Agreement},
  author={UNFCCC},
  booktitle={The 21st meeting of the Conference of the Parties},
  pages={1--25},
  year={2015}
}


@article{johnson2017spatial,
  title={A spatial method to calculate small-scale fisheries effort in data poor scenarios},
  author={Johnson, Andrew Frederick and Moreno-B{\'a}ez, Marcia and Giron-Nava, Alfredo and Corominas, Julia and Erisman, Brad and Ezcurra, Exequiel and Aburto-Oropeza, Octavio},
  journal={PLoS One},
  volume={12},
  number={4},
  pages={e0174064},
  year={2017},
  publisher={Public Library of Science San Francisco, CA USA}
}

@article{Simonyan2015VeryDC,
  title={Very deep convolutional networks for large-scale image recognition},
  author={K. Simonyan and Andrew Zisserman},
  journal={CoRR},
  year={2015},
  volume={abs/1409.1556}
}

@article{He2009SingleIH,
  title={Single image haze removal using dark channel prior},
  author={Kaiming He and Jian Sun and X. Tang},
  journal={2009 IEEE Conference on Computer Vision and Pattern Recognition},
  year={2009},
  pages={1956-1963}
}

@article{krizhevsky2012imagenet,
  title={Imagenet classification with deep convolutional neural networks},
  author={Krizhevsky, Alex and Sutskever, Ilya and Hinton, Geoffrey E},
  journal={Advances in neural information processing systems},
  volume={25},
  pages={1097--1105},
  year={2012}
}

@inproceedings{girshick2014rich,
  title={Rich feature hierarchies for accurate object detection and semantic segmentation},
  author={Girshick, Ross and Donahue, Jeff and Darrell, Trevor and Malik, Jitendra},
  booktitle={Proceedings of the IEEE conference on computer vision and pattern recognition},
  pages={580--587},
  year={2014}
}

@article{uijlings2013selective,
  title={Selective search for object recognition},
  author={Uijlings, Jasper RR and Van De Sande, Koen EA and Gevers, Theo and Smeulders, Arnold WM},
  journal={International journal of computer vision},
  volume={104},
  number={2},
  pages={154--171},
  year={2013},
  publisher={Springer}
}

@inproceedings{girshick2015fast,
  title={Fast r-cnn},
  author={Girshick, Ross},
  booktitle={Proceedings of the IEEE international conference on computer vision},
  pages={1440--1448},
  year={2015}
}

@article{ren2015faster,
  title={Faster r-cnn: Towards real-time object detection with region proposal networks},
  author={Ren, Shaoqing and He, Kaiming and Girshick, Ross and Sun, Jian},
  journal={arXiv preprint arXiv:1506.01497},
  year={2015}
}

@inproceedings{he2017mask,
  title={Mask r-cnn},
  author={He, Kaiming and Gkioxari, Georgia and Doll{\'a}r, Piotr and Girshick, Ross},
  booktitle={Proceedings of the IEEE international conference on computer vision},
  pages={2961--2969},
  year={2017}
}

@inproceedings{huang2017speed,
  title={Speed/accuracy trade-offs for modern convolutional object detectors},
  author={Huang, Jonathan and Rathod, Vivek and Sun, Chen and Zhu, Menglong and Korattikara, Anoop and Fathi, Alireza and Fischer, Ian and Wojna, Zbigniew and Song, Yang and Guadarrama, Sergio and others},
  booktitle={Proceedings of the IEEE conference on computer vision and pattern recognition},
  pages={7310--7311},
  year={2017}
}


@article{BP2021bp,
  title={Statistical Review of World Energy 2021},
  author={BP},
  journal={BP Statistical Review, London, UK},
  year={2021}
}


@article{BP2016bp,
  title={Statistical Review of World Energy 2016},
  author={BP},
  journal={BP Statistical Review, London, UK},
  year={2016}
}

@article{bereiter2015revision,
  title={Revision of the EPICA Dome C CO2 record from 800 to 600 kyr before present},
  author={Bereiter, Bernhard and Eggleston, Sarah and Schmitt, Jochen and Nehrbass-Ahles, Christoph and Stocker, Thomas F and Fischer, Hubertus and Kipfstuhl, Sepp and Chappellaz, Jerome},
  journal={Geophysical Research Letters},
  volume={42},
  number={2},
  pages={542--549},
  year={2015},
  publisher={Wiley Online Library}
}


@misc{IMO2021Fourth,
  title={Fourth IMO GHG study 2020},
  author={Faber, S and Hanayama, S and Zhang, S and Pereda, P and Comer, B and Hauerhof, E and Kosaka, H},
  year={2020},
  publisher={International Maritime Organization}
}

@article{GREER2019103382,
title = {Global trends in carbon dioxide (CO2) emissions from fuel combustion in marine fisheries from 1950 to 2016},
journal = {Marine Policy},
volume = {107},
pages = {103382},
year = {2019},
issn = {0308-597X},
doi = {https://doi.org/10.1016/j.marpol.2018.12.001},
url = {https://www.sciencedirect.com/science/article/pii/S0308597X1730893X},
author = {Krista Greer and Dirk Zeller and Jessika Woroniak and Angie Coulter and Maeve Winchester and M.L. Deng Palomares and Daniel Pauly},
keywords = {Fuel use intensity, Fishing sectors, Industrial fisheries, Small-scale fisheries, CO emissions per unit of catch, Climate change},
abstract = {Using the Sea Around Us global catch and effort databases (www.seaaroundus.org), this study presents time series estimates (1950–2016) of total CO2 emissions and emissions intensity (CO2 emissions per unit of catch) from the combustion of fuel in global marine fisheries by fishing sector, as well as a regional comparison of fuel use intensity for 2011. In 2016, total CO2 emissions of the industrial fishing sector were 159 million tonnes compared to 39 million tonnes in 1950. In contrast, the small-scale fishing sector emitted 48 million tonnes in 2016, compared to only 8 million tonnes in1950. Industrial CO2 emissions intensity was estimated to be 2.0 tCO2∙tcatch−1 in 2016 compared to 1.8 tCO2∙tcatch−1 for the small-scale sector in the same year. A previous study, using different methods, estimated global CO2 emissions from fishing to be 112 million tonnes in 2011. Geographical comparisons suggest that the differences between global estimates are explained by regional variation in fuel use intensity and the inclusion of unreported catch and effort data in our estimate. Supplementing fuel use intensity data for one region to that of another with considerably different fisheries may result in misrepresenting fuel use intensity and subsequently CO2 emissions. Our analysis provides insights into changing trends in CO2 emissions from marine fishing and highlights the potential importance of this industry as part of global CO2 reduction strategies.}
}

@article{parker2018fuel,
  title={Fuel use and greenhouse gas emissions of world fisheries},
  author={Parker, Robert WR and Blanchard, Julia L and Gardner, Caleb and Green, Bridget S and Hartmann, Klaas and Tyedmers, Peter H and Watson, Reg A},
  journal={Nature Climate Change},
  volume={8},
  number={4},
  pages={333--337},
  year={2018},
  publisher={Nature Publishing Group}
}

@article{LLUCHCOTA20071,
title = {The Gulf of California: Review of ecosystem status and sustainability challenges},
journal = {Progress in Oceanography},
volume = {73},
number = {1},
pages = {1-26},
year = {2007},
issn = {0079-6611},
doi = {https://doi.org/10.1016/j.pocean.2007.01.013},
url = {https://www.sciencedirect.com/science/article/pii/S0079661107000134},
author = {Salvador E. Lluch-Cota and Eugenio A. Aragón-Noriega and Francisco Arreguín-Sánchez and David Aurioles-Gamboa and J. {Jesús Bautista-Romero} and Richard C. Brusca and Rafael Cervantes-Duarte and Roberto Cortés-Altamirano and Pablo Del-Monte-Luna and Alfonso Esquivel-Herrera and Guillermo Fernández and Michel E. Hendrickx and Sergio Hernández-Vázquez and Hugo Herrera-Cervantes and Mati Kahru and Miguel Lavín and Daniel Lluch-Belda and Daniel B. Lluch-Cota and Juana López-Martínez and Silvio G. Marinone and Manuel O. Nevárez-Martínez and Sofia Ortega-García and Eduardo Palacios-Castro and Alejandro Parés-Sierra and Germán Ponce-Díaz and Mauricio Ramírez-Rodríguez and Cesar A. Salinas-Zavala and Richard A. Schwartzlose and Arturo P. Sierra-Beltrán},
keywords = {Ecosystem, Fisheries, Conservation, Management, Mexico, Gulf of California}
}

@article{munguia2018ecological,
  title={Ecological guidelines for designing networks of marine reserves in the unique biophysical environment of the Gulf of California},
  author={Munguia-Vega, Adrian and Green, Alison L and Suarez-Castillo, Alvin N and Espinosa-Romero, Maria Jose and Aburto-Oropeza, Octavio and Cisneros-Montemayor, Andr{\'e}s M and Cruz-Pi{\~n}{\'o}n, Gabriela and Danemann, Gustavo and Giron-Nava, Alfredo and Gonzalez-Cuellar, Ollin and others},
  journal={Reviews in Fish Biology and Fisheries},
  volume={28},
  number={4},
  pages={749--776},
  year={2018},
  publisher={Springer}
}

@article{hernandez2012economic,
  title={Economic benefits of sport fishing in e relative Los Cabos, Mexico: is the abundance a determinant},
  author={Hern{\'a}ndez-Trejo, VA and Germ{\'a}n, G Ponce-D{\'\i}az and Lluch-Belda, D and Beltr{\'a}n-Morales, LF},
  journal={Journal of Sustainable Tourism},
  volume={161},
  pages={165--176},
  year={2012}
}

@article{MELTZER2006222,
title = {Export market influence on the development of the Pacific shrimp fishery of Sonora, Mexico},
journal = {Ocean \& Coastal Management},
volume = {49},
number = {3},
pages = {222-235},
year = {2006},
issn = {0964-5691},
doi = {https://doi.org/10.1016/j.ocecoaman.2006.02.009},
url = {https://www.sciencedirect.com/science/article/pii/S0964569106000329},
author = {Lorayne Meltzer and Jason Oliver Chang}
}

@article{MARINONE2012133,
title = {Seasonal surface connectivity in the Gulf of California},
journal = {Estuarine, Coastal and Shelf Science},
volume = {100},
pages = {133-141},
year = {2012},
note = {Recent advances in biogeochemistry of coastal seas and continental shelves},
issn = {0272-7714},
doi = {https://doi.org/10.1016/j.ecss.2012.01.003},
url = {https://www.sciencedirect.com/science/article/pii/S0272771412000169},
author = {S.G. Marinone},
keywords = {Gulf of California, connectivity, recruitment}
}


@inproceedings{Johansson2018ModelingOL,
  title={Modeling of Leisure Craft Emissions},
  author={Johansson, Lasse and Jalkanen, Jukka-Pekka and Fridell, Erik and Maljutenko, Ilja and Ytreberg, Erik and Eriksson, Martin and Roth, Eva and Fischer, Vivian},
  booktitle={International Technical Meeting on Air Pollution Modelling and its Application},
  pages={205--210},
  year={2018},
  organization={Springer}
}

@article{Ug2020EstimationOW,
  title={Estimation of worldwide ship emissions using AIS signals},
  author={C. Ug{\'e} and Tina Scheidweiler and C. Jahn},
  journal={2020 European Navigation Conference (ENC)},
  year={2020},
  pages={1-10}
}


@article{Traut2013MonitoringSE,
  title={Monitoring shipping emissions via AIS data? Certainly},
  author={Traut{\textordfeminine}, Michael and Bowsa, Alice and Walsha, Conor and Wooda, Ruth},
  year={2013},
  journal={Low Carbon Shipping Conference},
  publisher={Citeseer}
}


@inproceedings{Johansson2016ACM,
  title={A comprehensive modelling approach for the assessment of global shipping emissions},
  author={Johansson, Lasse and Jalkanen, Jukka-Pekka and Kukkonen, Jaakko},
  booktitle={International Technical Meeting on Air Pollution Modelling and its Application},
  pages={367--373},
  year={2016},
  organization={Springer}
}

@article{Mabunda2014EstimatingCD,
  title={Estimating Carbon Dioxide and Particulate Matter Emissions from Ships using Automatic Identification System Data},
  author={A. Mabunda and Abdelali Astito and S. Hamdoune},
  journal={International Journal of Computer Applications},
  year={2014},
  volume={88},
  pages={27-31}
}

@article{Hensel2020GreenSU,
  title={Green shipping: using AIS data to assess global emissions},
  author={T. Hensel and C. Ug{\'e} and C. Jahn},
  journal={Sustainability Management Forum | NachhaltigkeitsManagementForum},
  year={2020},
  volume={28},
  pages={39-47}
}

@article{Han2016RealtimeIA,
  title={Real-time identification and tracking of emission from vessels based on Automatic Identification System Data},
  author={Weiwei Han and W. Yang and Suixiang Gao},
  journal={2016 13th International Conference on Service Systems and Service Management (ICSSSM)},
  year={2016},
  pages={1-6}
}

@article{Zhang2019TheSO,
  title={The significance of incorporating unidentified vessels into AIS-based ship emission inventory},
  author={Yiqi Zhang and J. Fung and J. Chan and A. Lau},
  journal={Atmospheric Environment},
  year={2019},
  volume={203},
  pages={102-113}
}


@article{joung2020imo,
  title={The IMO initial strategy for reducing Greenhouse Gas (GHG) emissions, and its follow-up actions towards 2050},
  author={Joung, Tae-Hwan and Kang, Seong-Gil and Lee, Jong-Kap and Ahn, Junkeon},
  journal={Journal of International Maritime Safety, Environmental Affairs, and Shipping},
  volume={4},
  number={1},
  pages={1--7},
  year={2020},
  publisher={Taylor \& Francis}
}


@misc{uk2021Operational,
  title = {Operational standards for small vessels},
  howpublished = {\url{https://www.gov.uk/operational-standards-for-small-vessels}},
  author = {{UK Government}},
  year = {2021},
  note = {Accessed: 2021-08-30}
}

@misc{uk2021registration,
  title = {UK Small ship registration},
  howpublished = {\url{https://www.ukshipregister.co.uk/registration/leisure/}},
  author = {{UK Ship Register}},
  year = {2021},
  note = {Accessed: 2021-08-30}
}

@misc{Mexico2021RegisteredVessels,
  title = {Registered Vessels},
  howpublished = {\url{https://www.conapesca.gob.mx/wb/cona/embarcaciones_registradas}},
  author = {{Mexico National Aquaculture and Fisheries Commission}},
  year = {2021},
  note = {Accessed: 2021-08-30}
}


@misc{Lopez-Sagastegui2017Comparing,
  title = {Comparing two fishing communities in the Upper Gulf of California
},
  howpublished = {\url{https://datamares.org/stories/comparing-two-fishing-communities-in-the-upper-gulf-of-california/?lang=comparing-two-fishing-communities-in-the-upper-gulf-of-california}},
  author = {López-Sagástegui, Catalina and Mascareñas-Osorio, Ismael and Erisman, Brad and Moreno-Báez, Marcia and Jiménez-Esquivel, Victoria and  Aburto-Oropeza, Octavio},
  year = {2017},
  note = {Accessed: 2021-08-30}
}



@article{mcculloch1943logical,
  title={A logical calculus of the ideas immanent in nervous activity},
  author={McCulloch, Warren S and Pitts, Walter},
  journal={The bulletin of mathematical biophysics},
  volume={5},
  number={4},
  pages={115--133},
  year={1943},
  publisher={Springer}
}


@article{hubel1962receptive,
  title={Receptive fields, binocular interaction and functional architecture in the cat's visual cortex},
  author={Hubel, David H and Wiesel, Torsten N},
  journal={The Journal of physiology},
  volume={160},
  number={1},
  pages={106--154},
  year={1962},
  publisher={Wiley Online Library}
}

@incollection{fukushima1982neocognitron,
  title={Neocognitron: A self-organizing neural network model for a mechanism of visual pattern recognition},
  author={Fukushima, Kunihiko and Miyake, Sei},
  booktitle={Competition and cooperation in neural nets},
  pages={267--285},
  year={1982},
  publisher={Springer}
}

@article{lecun1995convolutional,
  title={Convolutional networks for images, speech, and time series},
  author={LeCun, Yann and Bengio, Yoshua and others},
  journal={The handbook of brain theory and neural networks},
  volume={3361},
  number={10},
  pages={1995},
  year={1995}
}


@misc{Dwivedi2020YOLOv5,
  title = {YOLOv5 compared to Faster RCNN. Who wins?},
  howpublished = {\url{https://towardsdatascience.com/yolov5-compared-to-faster-rcnn-who-wins-a771cd6c9fb4}},
  author = {Dwivedi, Priya},
  year = {2020},
  note = {Accessed: 2021-08-30}
}

@software{glenn_jocher_2020_4154370,
    author = {Glenn Jocher},
    title = {{ultralytics/yolov5: v3.1 - Bug Fixes and
    Performance Improvements}},
    month = oct,
    year = 2020,
    publisher = {Zenodo},
    version = {v3.1},
    doi = {10.5281/zenodo.4154370},
    url = {https://doi.org/10.5281/zenodo.4154370},
    howpublished = {\url{https://github.com/ultralytics/yolov5}}
}


@article{lutherborrowship,
  title={SHIP DETECTION IN SATELLITE IMAGERY VIA CONVOLUTIONAL NEURAL NETWORKS},
  author={Lutherborrow, Tom and Agoub, Amgad and Kada, Martin},
  year=2018
}


@article{character2021archaeologic,
  title={Archaeologic Machine Learning for Shipwreck Detection Using Lidar and Sonar},
  author={Character, Leila and Ortiz Jr, Agustin and Beach, Tim and Luzzadder-Beach, Sheryl},
  journal={Remote Sensing},
  volume={13},
  number={9},
  pages={1759},
  year={2021},
  publisher={Multidisciplinary Digital Publishing Institute}
}

@article{johnson12exequiel,
  title={Exequiel Ezcurra, Octavio Aburto-Oropeza. 2017. A spatial method to calculate small-scale fisheries effort in data poor scenarios},
  author={Johnson, Andrew Frederick and Moreno-B{\'a}ez, Marcia and Giron-Nava, Alfredo and Corominas, Julia and Erisman, Brad},
  journal={Plos One},
  volume={12},
  number={4},
  year={2017},
  pages={e0174064}
}


@article{luthi2008high,
  title={High-resolution carbon dioxide concentration record 650,000--800,000 years before present},
  author={L{\"u}thi, Dieter and Le Floch, Martine and Bereiter, Bernhard and Blunier, Thomas and Barnola, Jean-Marc and Siegenthaler, Urs and Raynaud, Dominique and Jouzel, Jean and Fischer, Hubertus and Kawamura, Kenji and others},
  journal={nature},
  volume={453},
  number={7193},
  pages={379--382},
  year={2008},
  publisher={Nature Publishing Group}
}


@article{petrenko2010methane,
  title={Methane from the east siberian arctic shelf},
  author={Petrenko, Vasilii V and Etheridge, David M and Weiss, Ray F and Brook, Edward J and Schaefer, Hinrich and Severinghaus, Jeffrey P and Smith, Andrew M and Lowe, Dave and Hua, Quan and Riedel, Katja},
  journal={Science},
  volume={329},
  number={5996},
  pages={1146--1147},
  year={2010},
  publisher={American Association for the Advancement of Science}
}

@misc{petit2014vostok,
  title={Vostok ice core data},
  author={Petit, JR and others},
  year={2014},
  publisher={NOAA Mauna Loa CO2 record}
}

@article{thoning1989atmospheric,
  title={Atmospheric carbon dioxide at Mauna Loa Observatory: 2. Analysis of the NOAA GMCC data, 1974--1985},
  author={Thoning, Kirk W and Tans, Pieter P and Komhyr, Walter D},
  journal={Journal of Geophysical Research: Atmospheres},
  volume={94},
  number={D6},
  pages={8549--8565},
  year={1989},
  publisher={Wiley Online Library}
}


@article{tans2009noaa,
  title={NOAA},
  author={Tans, Pieter and Keeling, R},
  journal={ESRL (www. esrl. noaa. gov/gmd/ccgg/trends/)},
  year={2009}
}

@article{IPCC2022Portner,
    title={Climate Change 2022: Impacts, Adaptation, and Vulnerability.},
    author={Pörtner, H.-O. and Roberts, D.C. and Tignor, M. and Poloczanska, E.S. and Mintenbeck, K. and Alegría, A. and Craig, M. and Langsdorf, S. and Löschke, S. and Möller, V. and Okem, A. and Rama, B.},
    journal={Cambridge University Press},
    year={2022}
}

@misc{WEO2021IEA,
    title={World Energy Outlook 2021},
    author={IEA},
    year={2021},
    publisher={International Energy Agency},
    url={https://iea.blob.core.windows.net/assets/4ed140c1-c3f3-4fd9-acae-789a4e14a23c/WorldEnergyOutlook2021.pdf}
}



@article{parmesan2003globally,
  title={A globally coherent fingerprint of climate change impacts across natural systems},
  author={Parmesan, Camille and Yohe, Gary},
  journal={Nature},
  volume={421},
  number={6918},
  pages={37},
  year={2003},
  publisher={Nature Publishing Group}
}

@book{epic337530,
          author = {R. K. Pachauri and M. R. Allen and V. R. Barros and J. Broome and W. Cramer and R. Christ and J. A. Church and L. Clarke and Q. Dahe and P. Dasgupta and N. K. Dubash and O. Edenhofer and I. Elgizouli and C. B. Field and P. Forster and P. Friedlingstein and J. Fuglestvedt and L. Gomez-Echeverri and S. Hallegatte and G. Hegerl and M. Howden and K. Jiang and B. Jimenez Cisneroz and V. Kattsov and H. Lee and K. J. Mach and J. Marotzke and M. D. Mastrandrea and L. Meyer and J. Minx and Y. Mulugetta and K. O'Brien and M. Oppenheimer and J. J. Pereira and R. Pichs-Madruga and G.-K. Plattner and Hans-Otto P{\"o}rtner and S. B. Power and B. Preston and N. H. Ravindranath and A. Reisinger and K. Riahi and M. Rusticucci and R. Scholes and K. Seyboth and Y. Sokona and R. Stavins and T. F. Stocker and P. Tschakert and D. van Vuuren and J.-P. van Ypserle},
           pages = {151},
         address = {Geneva, Switzerland},
          editor = {R.K. Pachauri and L. Meyer},
            year = {2014},
           title = {Climate Change 2014: Synthesis Report. Contribution of Working Groups I, II and III to the Fifth Assessment Report of the Intergovernmental Panel on Climate Change},
        publisher = {IPCC}
}

@inproceedings{unies2015accord,
  title={The Paris Agreement},
  author={UNFCCC},
  booktitle={The 21st meeting of the Conference of the Parties},
  pages={1--25},
  year={2015}
}


@article{bereiter2015revision,
  title={Revision of the EPICA Dome C CO2 record from 800 to 600 kyr before present},
  author={Bereiter, Bernhard and Eggleston, Sarah and Schmitt, Jochen and Nehrbass-Ahles, Christoph and Stocker, Thomas F and Fischer, Hubertus and Kipfstuhl, Sepp and Chappellaz, Jerome},
  journal={Geophysical Research Letters},
  volume={42},
  number={2},
  pages={542--549},
  year={2015},
  publisher={Wiley Online Library}
}




@article{joung2020imo,
  title={The IMO initial strategy for reducing Greenhouse Gas (GHG) emissions, and its follow-up actions towards 2050},
  author={Joung, Tae-Hwan and Kang, Seong-Gil and Lee, Jong-Kap and Ahn, Junkeon},
  journal={Journal of International Maritime Safety, Environmental Affairs, and Shipping},
  volume={4},
  number={1},
  pages={1--7},
  year={2020},
  publisher={Taylor \& Francis}
}




@article{bhattacharyya2009fossil,
  title={Fossil-fuel dependence and vulnerability of electricity generation: Case of selected European countries},
  author={Bhattacharyya, Subhes C},
  journal={Energy Policy},
  volume={37},
  number={6},
  pages={2411--2420},
  year={2009},
  publisher={Elsevier}
}

@article{russiagas,
    author = {DBIS},
    title = {Russia-Ukraine and UK energy: factsheet},
    journal = {Department for Business, Energy \& Industrial Strategy, UK Government},
    year = {2022},
    note = {https://www.gov.uk/government/news/russia-ukraine-and-uk-energy-factsheet}
}

@article{IRENA2021Renewable,
    author = {IRENA},
    title = {Renewable Power Generation Costs in 2020},
    journal = {International Renewable Energy Agency},
    year = {2021},
    note = {https://www.irena.org/publications/2021/Jun/Renewable-Power-Costs-in-2020}
}


@article{T2022UKNatureGas,
    author = {Trading Economics},
    title = {UK Natural Gas - 2022 Data - 2020-2021 Historical - 2023 Forecast - Price - Quote},
    journal = {Trading Economics},
    year = {2022},
    note = {https://tradingeconomics.com/commodity/uk-natural-gas}
}


@article{raturi2019renewables,
  title={Renewables 2019 global status report},
  author={Raturi, Atul K},
  year={2019},
  publisher={REN21 Secretariat}
}

@incollection{walker2019environmental,
  title={Environmental effects of marine transportation},
  author={Walker, Tony R and Adebambo, Olubukola and Feijoo, Monica C Del Aguila and Elhaimer, Elias and Hossain, Tahazzud and Edwards, Stuart Johnston and Morrison, Courtney E and Romo, Jessica and Sharma, Nameeta and Taylor, Stephanie and others},
  booktitle={World Seas: an environmental evaluation},
  pages={505--530},
  year={2019},
  publisher={Elsevier}
}

@misc{imo2018adoption,
  title={Adoption of the Initial IMO Strategy on Reduction of GHG Emissions from Ships and Existing IMO Activity Related to Reducing GHG Emissions in the Shipping Sector},
  author={IMO},
  year={2018},
  publisher={International Maritime Organization London, UK}
}

@article{smith2015third,
  title={Third IMO GHG Study 2014},
  author={Smith, TWP and Jalkanen, JP and Anderson, BA and Corbett, JJ and Faber, J and Hanayama, S and O’keeffe, E and Parker, S and Johansson, L and Aldous, L and others},
  year={2015},
  publisher={International Maritime Organization}
}


@article{ferrer2021mexican,
  title={Mexican Small-Scale Fisheries Reveal New Insights into Low-Carbon Seafood and “Climate-Friendly” Fisheries Management},
  author={Ferrer, Erica M and Aburto-Oropeza, Octavio and Jimenez-Esquivel, Victoria and Cota-Nieto, Juan Jose and Mascarenas-Osorio, Ismael and Lopez-Sagastegui, Catalina},
  journal={Fisheries},
  volume={46},
  number={6},
  pages={277--287},
  year={2021},
  publisher={Wiley Online Library}
}

@misc{inecc2020inventario,
  title={Inventario Nacional De Emisiones De Gases Y Compuestos De Efecto Invernadero (INEGYCEI)},
  author={INECC},
  year={2020},
  publisher={Instituto Nacional de Ecolog{\'\i}a y Cambio Clim{\'a}tico Ciudad de M{\'e}xico, M{\'e}xico}
}

@article{eggleston20062006,
  title={2006 IPCC guidelines for national Greenhouse Gas inventories},
  author={Eggleston, HS and Buendia, Leandro and Miwa, Kyoko and Ngara, Todd and Tanabe, Kiyoto},
  year={2006}
}


@misc{CNANP2022Atlas,
  title = {Atlas Nacional de las Areas Naturales Protegidas de Mexico},
  author = {CNANP},
  howpublished = {\url{http://sig.conanp.gob.mx/website/interactivo/anps/}},
  note = {Accessed: 2022-04-05}
}

@misc{SMARN2022Islas,
  title = {Islas y Áreas Protegidas del Golfo de California},
  author = {SMARN},
  howpublished = {\url{https://www.gob.mx/semarnat/articulos/islas-y-areas-protegidas-del-golfo-de-california-269050}},
  note = {Accessed: 2022-04-05}
}


@article{lisle2006google,
  title={Google Earth: a new geological resource},
  author={Lisle, Richard J},
  journal={Geology today},
  volume={22},
  number={1},
  pages={29--32},
  year={2006},
  publisher={Wiley Online Library}
}


@software{glenn_jocher_2022_6222936,
  author       = {Glenn Jocher and
                  Ayush Chaurasia and
                  Alex Stoken and
                  Jirka Borovec and
                  NanoCode012 and
                  Yonghye Kwon and
                  TaoXie and
                  Jiacong Fang and
                  imyhxy and
                  Kalen Michael and
                  Lorna and
                  Abhiram V and
                  Diego Montes and
                  Jebastin Nadar and
                  Laughing and
                  tkianai and
                  yxNONG and
                  Piotr Skalski and
                  Zhiqiang Wang and
                  Adam Hogan and
                  Cristi Fati and
                  Lorenzo Mammana and
                  AlexWang1900 and
                  Deep Patel and
                  Ding Yiwei and
                  Felix You and
                  Jan Hajek and
                  Laurentiu Diaconu and
                  Mai Thanh Minh},
  title        = {{ultralytics/yolov5: v6.1 - TensorRT, TensorFlow 
                   Edge TPU and OpenVINO Export and Inference}},
  month        = feb,
  year         = 2022,
  publisher    = {Zenodo},
  version      = {v6.1},
  doi          = {10.5281/zenodo.6222936},
  url          = {https://doi.org/10.5281/zenodo.6222936}
}


@misc{INEGI2022Population,
  title = {Population and Housing Census 2020 in Mexico},
  author = {INEGI},
  howpublished = {\url{https://www.inegi.org.mx/app/cpv/2020/resultadosrapidos/}},
  note = {Accessed: 2022-06-11}
}